<record><leader>00000cas a22000007a 4500</leader><controlfield tag="001">12348182</controlfield><controlfield tag="008">850805c19609999pauwr ne      0    0eng d</controlfield><datafield ind1=" " ind2=" " tag="010"><subfield code="a">sn 85054773 </subfield></datafield><datafield ind1=" " ind2=" " tag="040"><subfield code="a">PLF</subfield><subfield code="b">eng</subfield><subfield code="c">PLF</subfield><subfield code="d">NPH</subfield><subfield code="d">OCLCQ</subfield></datafield><datafield ind1=" " ind2=" " tag="042"><subfield code="a">msc</subfield></datafield><datafield ind1="0" ind2=" " tag="130"><subfield code="a">Globe (Philadelphia, Pa. : 1960)</subfield></datafield><datafield ind1="1" ind2="4" tag="245"><subfield code="a">The globe.</subfield></datafield><datafield ind1="3" ind2="0" tag="246"><subfield code="a">West Oak Lane-Cheltenham the globe</subfield></datafield><datafield ind1=" " ind2=" " tag="260"><subfield code="a">Philadelphia, Pa. :</subfield><subfield code="b">Times Chronicle Co.,</subfield><subfield code="c">1960-</subfield></datafield><datafield ind1=" " ind2=" " tag="300"><subfield code="a">v. :</subfield><subfield code="b">ill.</subfield></datafield><datafield ind1=" " ind2=" " tag="310"><subfield code="a">Weekly</subfield></datafield><datafield ind1="0" ind2=" " tag="362"><subfield code="a">Vol. 33, no. 35 (Feb. 17, 1960)-</subfield></datafield><datafield ind1=" " ind2=" " tag="500"><subfield code="a">At head of title: West Oak Lane-Cheltenham, Feb. 17, 1960-July 12, 1961.</subfield></datafield><datafield ind1=" " ind2=" " tag="500"><subfield code="a">"Devoted to the interests of 30,000 families: East Mt. Airy, Temple Stadium, Stenton Hills, Wadsworth &amp; Ivy Hill areas, Lynnewood Gardens, Broad and Olney, East Germantown."</subfield></datafield><datafield ind1=" " ind2=" " tag="500"><subfield code="a">Published every Wednesday.</subfield></datafield><datafield ind1=" " ind2=" " tag="752"><subfield code="a">United States</subfield><subfield code="b">Pennsylvania</subfield><subfield code="c">Philadelphia</subfield><subfield code="d">Philadelphia.</subfield></datafield><datafield ind1="0" ind2="0" tag="780"><subfield code="t">North Philadelphia globe</subfield><subfield code="w">(OCoLC)12348153</subfield></datafield></record>